@Book{OksendalSulem,
 title = {Applied Stochastic Control of Jump Diffusions},
 publisher = {Springer; 2nd edition},
 year = {2007},
 author = {\O{}ksendal, B. and Sulem, A.}
}


@Book{Kushner,
 title = {Numerical Methods for Stochastic Control Problems in Continuous Time},
 publisher = {Springer; 2nd ed.},
 year = {2001},
 author = {Kushner, H. and Dupuis, P. G.}
}


@Book{FlemingSoner,
 title = {Controlled Markov Processes and Viscosity Solutions},
 publisher = {Springer; 2nd edition},
 year = {2005},
 author = {Fleming, W. H. and Soner, M. H.}
}


@Book{Pham,
 title = {Continuous-time Stochastic Control and Optimization with Financial Applications},
 publisher = {Springer; 1st ed},
 year = {2009},
 author = {Pham, H.}
}


@Book{Applebaum,
 title = {Lévy Processes and Stochastic Calculus},
 publisher = {Cambridge University Press; 2nd edition},
 year = {2009},
 author = {Applebaum, D.}
}


@Book{Cont,
 title = {Financial Modelling with Jump Processes},
 publisher = {Chapman and Hall/CRC; 1 edition},
 year = {2003},
 author = {Cont, R. and Tankov, P.}
}


@Book{Protter,
 title = {Stochastic integration and differential equations},
 publisher = {Springer-Verlag, Berlin, second edition},
 year = {2004},
 author = {Protter, P. E.}
}

@Book{Sato,
 title = {Lévy processes and infinitely divisible distributions},
 publisher = {Cambridge University Press},
 year = {1999},
 author = {Sato, K. I.}
}

@Book{JacodShi,
 title = {Limit Theorems for Stochastic Processes},
 publisher = {Springer; 2nd ed.},
 year = {2002},
 author = {Jacod, J and Shiryaev, A. N.}
}


@Book{Menaldi,
 title = {Second Order Elliptic Integro-Differential Problems},
 publisher = {CRC Press; 1 edition},
 year = {2002},
 author = {Garroni, M. G. and Menaldi, J. L.}
}


@Book{Bardi,
 title = {Optimal Control and Viscosity Solutions of Hamilton-Jacobi-Bellman Equations},
 publisher = {Birkhauser; 1990.},
 year = {1997},
 author = {Bardi, M. and Capuzzo Dolcetta, I.}
}


@Book{Carmona,
 title = {Indifference Pricing},
 publisher = {Princeton University Press},
 year = {2009},
 author = {Carmona {(Editor)}, R. }
}


@Book{GK99,
 title = {Active Portfolio Management},
 publisher = {McGraw-Hill Education; 2 edition},
 year = {1999},
 author = {Grinold, R. C. and Kahn, R. N.}
}


@Book{Kabanov10,
 title = {Markets with transaction costs},
 publisher = {Springer finance},
 year = {2010},
 author = {Kabanov, Y. and Safarian, M.}
}



@Book{Shreve,
 title = {Stochastic Calculus for Finance 2, Continuous-time Models},
 publisher = {Springer},
 year = {2004},
 author = {Shreve, S. E.}
}


@Book{Musiela,
 title = {Martingale Methods in Financial Modeling},
 publisher = {Springer},
 year = {2005},
 author = {Musiela, M. and Rutkowski, M. }
}


@Book{Bellman,
 title = {Dynamic Programming},
 publisher = {Princeton University Press},
 year = {1957},
 author = {Bellman, R.}
}


@Book{Skorohod,
 title = {Controlled stochastic processes},
 publisher = {New York, Springer Verlang},
 year = {1979},
 author = {Gihman, I. and Skorohod, A.V.}
}


@Book{Peskir,
 title = {Optimal stopping and free boundaries problems},
 publisher = {Birkhauser, Boston},
 year = {2006},
 author = {Peskir, G. and Shiryaev, A.}
}


@Book{Matthias,
 title = {Novel Methods in Computational Finance},
 publisher = {Springer},
 year = {2017},
 author = {Ehrhardt, M. and Günther, M. and Ter Maten, J. }
}


@Book{Schoutens,
 title = {L\'evy processes in finance},
 publisher = {Wiley, First Edition},
 year = {2003},
 author = {Schoutens, W.}
}



@Book{Wilmott,
 title = {The mathematics of financial derivatives},
 publisher = {Cambridge University Press},
 year = {1995},
 author = {Wilmott, Paul}
}


@Book{EthierKurtz,
 title = {Markov Processes: Characterization And Convergence},
 publisher = {Wiley-Interscience; 2nd Revised edition},
 year = {2005},
 author = {Ethier, S. and Kurtz, T.}
}


@Book{Bjork,
 title = {Arbitrage theory in continuous time.},
 publisher = {Oxford University Press; 3 edition},
 year = {2009},
 author = {Björk, T.}
}

@Book{Pilska,
 title = {Option pricing, Interest rates and risk Management},
 publisher = {Cambridge university press},
 year = {2001},
 author = {Jouini, E. and Pilska, S.}
}

@Book{Arutyunov,
 title = {Optimal impulsive control},
 publisher = {Springer},
 year = {2019},
 author = {Arutyunov, A. and Karamzin, D. and Pereira, F. L.}
}

@Book{,
 title = {},
 publisher = {},
 year = {},
 author = {}
}


@Book{,
 title = {},
 publisher = {},
 year = {},
 author = {}
}