@article{Ka89,
 author = {Karatzas, I.},
 title = {Optimization Problems in the Theory of Continuous Trading},
 journal = {SIAM J. Control Optim},
 volume = {27},
 number = {6},
 year = {1989},
 pages = {1221–1259}
}


@article{BuRo06,
 author = {Budhiraja, A. and Ross, K.},
 title = {Existence of optimal control for singular control problems with state constraint},
 journal = {The annals of applied probability},
 volume = {16},
 number = {4},
 year = {2006},
 pages = {2235 -- 2255}
}


@article{Pal11,
 author = {Palczewsky, J. and Stettner, L.},
 title = {Stopping of functionals with discontinuity at the boundary of an open set},
 journal = {Stochastic processes and their applications},
 volume = {121},
 number = {},
 year = {2011},
 pages = {2361 -- 2392}
}



@article{Gol16,
 author = {Goldys, B. and Wu, W.},
 title = {Dynamic programming principle for stochastic control problems driven by general {Lévy} noise},
 journal = {Stochastic Analysis and Applications},
 volume = {34},
 number = {6},
 year = {2016},
 pages = {1083 -- 1093}
}


@article{Zalin11,
 author = {Zalinescu, A.},
 title = {Hamilton Jacobi Bellman equations associated to symmetric stable processes},
 journal = {Ann. Alexandru Ioan Cuza Univ. - Maths},
 volume = {57},
 number = {1},
 year = {2011},
 pages = {163 -- 196}
}


@article{,
 author = {},
 title = {},
 journal = {},
 volume = {},
 number = {},
 year = {},
 pages = {}
}
s

@article{,
 author = {},
 title = {},
 journal = {},
 volume = {},
 number = {},
 year = {},
 pages = {}
}
s

