@article{Me69,
 author = {Merton, R. C.},
 title = {Lifetime Portfolio Selection under Uncertainty: The Continuous-Time Case},
 journal = {The Review of Economics and Statistics},
 issue_date = {1969},
 volume = {51},
 number = {3},
 year = {1969},
 pages = {247--257}
}


@article{Me71,
 author = {Merton, R. C.},
 title = {Optimum consumption and portfolio rules in a continuous time model},
 journal = {Journal of economic theory},
 issue_date = {1971},
 volume = {3},
 year = {1971},
 pages = {373--413}
}


@article{BS73,
 author = {Black, F. and Scholes, M.},
 title = {The Pricing of Options and Corporate Liabilities},
 journal = {The Journal of Political Economy},
 volume = {81},
 number = {3},
 year = {1973},
 pages = {637--654}
}


@article{HoNe89,
 author = {Hodges, S. D. and Neuberger, A.},
 title = {Optimal replication of contingent claims under transaction costs},
 journal = {The Review of Future Markets},
 volume = {8},
 number = {2},
 month = nov,
 year = {1989},
 pages = {222--239}
}


@article{CRR79,
 author = {Cox, J.C. and Ross, S.A. and Rubinstein, M.},
 title = {Option pricing: A simplified approach},
 journal = {Journal of financial economics},
 volume = {7},
 number = {},
 year = {1979},
 pages = {229--263}
}


@article{LoSc01,
 author = {Longstaff, F. A. and Schwartz, E. S.},
 title = {Valuing {A}merican options by simulation: {A} simple {L}east-{S}quares approach},
 journal = {Review of Financial Studies},
 volume = {},
 number = {},
 year = {2001},
 pages = {113--147}
}


@article{DelSch98,
 author = {Delbaen, F. and Schachermayer, W.},
 title = {The fundamental theorem of asset pricing for unbounded stochastic processes},
 journal = {Mathematische Annalen},
 volume = {312},
 number = {2},
 year = {1998},
 pages = {215--250}
}


@article{HaKr79,
 author = {Harrison, J. and Kreps, D.},
 title = {Martingales and arbitrage in multiperiod security markets},
 journal = {Journal of Economic theory},
 volume = {2},
 number = {},
 year = {1979},
 pages = {381--408}
}


@article{HaPl81,
 author = {Harrison, J. and Pliska, S. R.},
 title = {Martingales and stochastic integrals in the theory of continuous trading},
 journal = {Stochastic processes and their applications},
 volume = {11},
 number = {3},
 year = {1981},
 pages = {215--260}
}


@article{Sch02,
 author = {Schachermayer, W.},
 title = {No arbitrage: on the work of David Kreps},
 journal = {Positivity},
 volume = {6},
 number = {},
 year = {2002},
 pages = {1057--1093}
}


@article{ChSh02,
 author = {Cherny, A. and Shiryaev, A.},
 title = {Vector stochastic integrals and the fundamental theorems of asset pricing},
 journal = {Proceedings of Steklov Institute of mathematics},
 volume = {237},
 number = {},
 year = {2002},
 pages = {6--49}
}


@article{Kabanov01,
 author = {Kabanov, Y.},
 title = {Arbitrage theory},
 journal = {in Jouini and Pilska \cite{Pilska}},
 volume = {},
 number = {},
 year = {2001},
 pages = {3--42}
}


@article{Shephard91,
 author = {Shephard, N. G.},
 title = {From characteristic function to distribution function, a simple framework for the theory},
 journal = {Econometric Theory},
 volume = {7},
 number = {},
 year = {1991},
 pages = {519--529}
}


@misc{GitHub,
  author = {Cantarutti, N.},
  title = {Financial-Models-Numerical-Methods},
  year = {2019},
  publisher = {GitHub},
  journal = {GitHub repository},
  howpublished = {\url{https://github.com/cantaro86/Financial-Models-Numerical-Methods}}
}


@article{DoDa76,
 author = {Doléans-Dade, C.},
 title = {On the Existence and Unicity of Solutions of Stochastic Integral Equations},
 journal = {Z. Wahrscheinlichkeitstheorie verw. Gebiete},
 volume = {36},
 number = {},
 year = {1976},
 pages = {93--110}
}


@article{GyKr80,
 author = {Gyöngy, I. and Krylov, N. V.},
 title = {On stochastic equations with respect to semimartingales},
 journal = {Stochastics},
 volume = {4},
 number = {},
 year = {1980},
 pages = {1--21}
}


@article{Gal78,
 author = {Gal'chuk, L. I.},
 title = {Existence and uniqueness of a solution for stochastic equations with respect to semimartingales},
 journal = {Theory of probability and its applications},
 volume = {23},
 number = {4},
 year = {1978},
 pages = {751--763}
}


@article{,
 author = {},
 title = {},
 journal = {},
 volume = {},
 number = {},
 year = {},
 pages = {}
}



@article{,
 author = {},
 title = {},
 journal = {},
 volume = {},
 number = {},
 year = {},
 pages = {}
}
