@article{Me76,
 author = {Merton, R.C.},
 title = {Option Pricing When Underlying Stock Returns Are Discontinuous},
 journal = {Journal of Financial Economics},
 volume = {3},
 number = {},
 year = {1976},
 pages = {125-144}
}


@article{MaSe90,
 author = {Madan, D.B. and Seneta, E.},
 title = {The {V}ariance {G}amma {(V.G.)} Model for Share Market Returns},
 journal = {The journal of Business},
 volume = {63},
 number = {4},
 url = {https://www.jstor.org/stable/2353303},
 year = {1990},
 pages = {511-524}
}


@article{EbKe95,
 author = {Eberlein, E. and Keller, U.},
 title = {Hyperbolic distributions in finance},
 journal = {Bernoulli},
 volume = {1},
 number = {3},
 year = {1995},
 pages = {281-299}
}


@article{BN97,
 author = {Barndorff-Nielsen},
 title = {Processes of {N}ormal inverse {G}aussian type},
 journal = {Finance and Stochastics},
 volume = {2},
 number = {},
 year = {1997},
 pages = {41-68}
}


@article{MCC98,
 author = {Madan, D.B. and Carr, P. and Chang, E.C. },
 title = {The {V}ariance {G}amma Process and Option Pricing},
 journal = {European Finance Review},
 volume = {2},
 number = {},
 url = {https://doi.org/10.1023/A:1009703431535},
 year = {1998},
 pages = {79–105}
}


@article{GeMaYo98,
 author = {Geman, H. and Madan, D.B. and Yor, M.},
 title = {Asset prices are {B}rownian Motion: only in Business Time},
 journal = {Quantitative Analysis in Financial Markets: Collected Papers of the New York University Mathematical Finance Seminar},
 volume = {2},
 number = {1},
 year = {1998},
 pages = {103-146}
}



@article{GeMaYo01,
 author = {Geman, H. and Madan D.B. and Yor M.},
 title = {Time changes for {L}évy processes},
 journal = {Mathematical Finance},
 volume = {11},
 number = {1},
 year = {2001},
 pages = {79-96}
}


@article{CGMY02,
 author = {Carr, P. and Geman, H. and Madan D.B. and Yor M.},
 title = {The Fine Structure of Asset Returns: An Empirical Investigation},
 journal = {Journal of Business},
 volume = {75},
 number = {2},
 year = {2002},
 pages = {305-333}
}


@article{Kou02,
 author = {Kou, S.},
 title = {A jump-diffusion model for option pricing},
 journal = {Management Science},
 volume = {48},
 number = {8},
 year = {2002},
 pages = {1086-1101}
}



@article{Bates96,
 author = {Bates, D. S.},
 title = {Jumps and stochastic volatility: the exchange rate processes implicit in Deutsche Mark options },
 journal = {The review of Financial Studies},
 volume = {9},
 number = {1},
 year = {1996},
 pages = {69-107}
}


@article{BoPoCo97,
 author = {Cont, R. and Potters, M. and Bouchaud, J.P.},
 title = {Scaling in stock market data: stable laws and beyond},
 journal = {Scale invariance and beyond, Springer},
 volume = {},
 number = {},
 year = {1997},
 pages = {}
}


@article{alpha09,
 author = {Kabasinskas, A. and Rachev, S.T. and Sakalauskas, L. and Wei, S. and Belovas, I.},
 title = {Alpha-stable paradigm in financial markets},
 journal = {Journal of Computational Analysis and Applications},
 volume = {11},
 number = {4},
 year = {2009},
 pages = {641-669}
}


@article{Ma63,
 author = {Mandelbrot, B.B.},
 title = {Modeling financial data with stable distributions},
 journal = {Journal of Business},
 volume = {XXXVI},
 number = {1},
 year = {1963},
 pages = {392-417}
}


@article{HiMa01,
 author = {Hirsa, A. and Madan, D.B.},
 title = {Pricing {A}merican Options Under {V}ariance {G}amma},
 journal = {Journal of Computational Finance},
 volume = {7},
 number = {},
 year = {2001},
 pages = {}
}


@article{Oo05,
 author = {Almendral, A. and Oosterlee, C. W.},
 title = {On {A}merican Options Under The {V}ariance {G}amma Process},
 journal = {Applied Mathematical Finance},
 volume = {14},
 number = {2},
 year = {2007},
 pages = {131-152}
}


@article{Fu00,
 author = {Fu, M. C.},
 title = {{V}ariance-{G}amma and {M}onte {C}arlo},
 journal = {Advances in Mathematical Finance.},
 volume = {},
 number = {},
 year = {2000},
 pages = {21-34}
}


@article{MaMi91,
 author = {Madan, D.B. and Milne, F.},
 title = {Option pricing with {V.G.} martingale components.},
 journal = {Mathematical Finance},
 volume = {1},
 number = {},
 year = {1991},
 pages = {39–55}
}


@article{YaPr06,
 author = {Yamada, Y. and Primbs, J.A.},
 title = {Properties of Multinomial Lattices with Cumulants for Option pricing and Hedging},
 journal = {Asia-Pacific Financial Markets},
 volume = {11},
 year = {2004},
 pages = {335-365}
}


@article{YaPr01,
 author = {Yamada, Y. and Primbs, J.A.},
 title = {Construction of Multinomial Lattice Random Walks for Optimal Hedges},
 journal = {Proc. of the 2001 international conference of Computational Science},
 volume = {},
 number = {},
 year = {2001},
 pages = {579-588}
}


@article{YaPr03,
 author = {Yamada, Y. and Primbs, J.A.},
 title = {Mean square optimal hedges using higher order moments },
 journal = { Proc of the 2003 international conference on Computational Intelligence for Financial Engineering},
 volume = {},
 number = {},
 year = {2003},
 pages = {}
}


@article{Cont01,
 author = {Cont, R.},
 title = {Empirical properties of asset returns: stylized facts
and statistical issues},
 journal = {Quantitative Finance},
 volume = {1},
 number = {2},
 url = {https://doi.org/10.1080/713665670},
 year = {2001},
 pages = {223-236}
}


@article{Se04,
 author = {Seneta, E.},
 title = {Fitting the {V}ariance-{G}amma Model to Financial Data},
 journal = {Journal of Applied Probability},
 volume = {41},
 number = {},
 year = {2004},
 pages = {177-187}
}


@article{CaMa98,
 author = {Carr, P. and Madan, D.B.},
 title = {Option Valuation Using the {F}ast {F}ourier Transform},
 journal = {Journal of Computational Finance},
 volume = {2},
 number = {},
 year = {1998},
 pages = {61-73}
}


@article{See13,
 author = {Ssebugenyi, C.S. Mwaniki, I.J. and Konlack, V.S. },
 title = {On the Minimal Entropy Martingale Measure and Multinomial Lattices with Cumulants},
 journal = {Applied Mathematical Finance},
 volume = {20},
 number = {4},
 year = {2013},
 pages = {359-379}
}

@article{Al05,
 author = {Almendral, A.},
 title = {Numerical Valuation of American Options Under the {CGMY} Process},
 journal = {Eds., Exotic Option Pricing and Advanced Levy Models, Wiley, Hoboken.},
 volume = {},
 number = {},
 year = {2005},
 pages = {}
}

@article{KeWe06,
 author = {Kellezi, E. and Webber, N.},
 title = {Valuing {B}ermudan options when asset returns are {L}\'{e}vy processes},
 journal = {Quantitative Finance},
 volume = {4},
 number = {1},
 year = {2006},
 pages = {87--100}
}

@article{Ait12,
 author = {Ait-Sahalia, Y. and Jacod, J. },
 title = {Analyzing the spectrum of asset returns: Jump and Volatility components in High Frequency data},
 journal = {Journal of Economic literature},
 volume = {50},
 number = {4},
 year = {2012},
 pages = {1007--1050}
}

@article{AnAn00,
 author = {Andersen, L. and Andreasen, J.},
 title = {Jump-Diffusion Processes: Volatility Smile Fitting and Numerical Methods for Pricing},
 journal = {Rev. Derivatives Research},
 volume = {4},
 number = {},
 url = {http://dx.doi.org/10.2139/ssrn.171438},
 year = {2000},
 pages = {231 -- 262}
}


@article{papapa,
 author = {Papapantoleon, A.},
 title = {An introduction to Lévy processes with applications in finance},
 journal = {Available in Arxiv},
 volume = {},
 number = {},
 year = {},
 pages = {}
}


@article{,
 author = {},
 title = {},
 journal = {},
 volume = {},
 number = {},
 year = {},
 pages = {}
}


@article{,
 author = {},
 title = {},
 journal = {},
 volume = {},
 number = {},
 year = {},
 pages = {}
}

