@article{MaKu91,
 author = {Kushner, H. J. and Martins, F. L.},
 title = {Numerical methods for stochastic singular control problems},
 journal = {SIAM Journal of Control and Optimization},
 volume = {29},
 number = {6},
 url = {https://doi.org/10.1137/0328056},
 year = {1991},
 pages = {1443-1475}
}


@article{KuMa92,
 author = {Kushner, H. J. and Martins, F. L.},
 title = {A numerical method for singular stochastic control problems with nonadditive controls},
 journal = {Applied Stochastic Analysis},
 volume = {177},
 year = {1992}
 pages = {}
}


@article{Am93,
 author = {Amin, Kaushik I.},
 title = {Jump Diffusion Option Valuation in Discrete Time},
 journal = {The Journal of Finance},
 volume = {48},
 number = {5},
 year = {1993},
 pages = {1833-1863}
}


@article{Ku95,
 author = {Kushner, H. J.},
 title = {Numerical Methods for Stochastic Control Problems in Finance},
 journal = {Mathematics of Derivative Securities},
 volume = {Cambridge University Press},
 number = {},
 year = {1995},
 pages = {}
}


@article{Mut07,
 author = {Muthuraman, K.},
 title = {A computational scheme for optimal investment consumption with proportional transaction costs},
 journal = {Journal of Economics Dynamics and Control},
 volume = {31},
 year = {2007},
 pages = {1132–1159}
}


@article{Ku12,
 author = {Kushner, H. J.},
 title = {Numerical Methods for Stochastic Singular
Control Problems With State-Dependent Control},
 journal = {SIAM Journal on Control and Optimization},
 volume = {51},
 number = {1},
 year = {2013},
 pages = {685–717}
}


@article{MaSoSz,
 author = {Maller, R. and Solomon, D and Szimayer, A},
 title = {A Multinomial Approximation for American Option Prices in Levy Process Models},
 journal = {Mathematical Finance},
 volume = {16},
 number = {4},
 year = {2006},
 pages = {613-633}
}


@article{CoVo05b,
 author = {Cont, R. and Voltchkova, E.},
 title = {A finite difference scheme for option pricing in jump diffusion and exponential {L}\'evy models},
 journal = {SIAM Journal of numerical analysis},
 volume = {43},
 number = {4},
 url = {https://www.jstor.org/stable/4101396},
 year = {2005},
 pages = {1596--1626}
}


@article{Song14,
 author = {Wang, S. and Li, W.},
 title = {A numerical method for pricing European options with proportional transaction costs},
 journal = {Journal of Global Optimization},
 volume = {60},
 number = {1},
 url = {https://doi.org/10.1007/s10898-014-0155-5},
 year = {2014},
 pages = {59-78}
}


@article{HaMac10,
 author = {Hainaut, D. and MacGilchrist, R.},
 title = {An interest tree driven by a L\'evy process},
 journal = {The Journal of Derivatives},
 volume = {18},
 number = {2},
 year = {Winter 2010},
 pages = {33--45}
}


@article{FoHu12a,
 author = {Forsyth, P.A. and Huang, Y.},
 title = {Iterative methods for solution of the singular control formulation of a GMWB pricing problem},
 journal = {Numerische Mathematik},
 volume = {122},
 number = {},
 doi = {10.1007/s00211-012-0455-y},
 year = {2012},
 pages = {133--167}
}


@article{FoHu12b,
 author = {Forsyth, P.A. and Huang, Y.},
 title = {Analysis of a penalty method for pricing a Guaranteed Minimum Withdrawal Benefit (GMWB)},
 journal = {IMA, Journal of Numerical Analysis},
 volume = {32},
 number = {},
 url = {https://doi.org/10.1093/imanum/drq044},
 year = {2012},
 pages = {320--351}
}


@article{Pal15,
 author = {Palczewsky, J. and Poulsen, R. and Schenk-Hoppé, K. R. and Wang, H.},
 title = {Dynamic portfolio optimization with transaction costs and
state-dependent drift},
 journal = {European journal of operational research},
 volume = {243},
 number = {},
 year = {2015},
 pages = {921--931}
}


@article{Canta2,
 author = {Cantarutti, N. and Guerra, J.},
 title = {Multinomial method for option pricing under {V}ariance {G}amma},
 journal = {International Journal of Computer Mathematics},
 doi = {10.1080/00207160.2018.1427853},
 volume = {96},
 number = {},
 year = {2019},
 pages = {1087 -- 1106}
}


@article{Haentjens13,
 author = {Haentjens, T.},
 title = {Efficient and stable numerical solution of the Heston–Cox–Ingersoll–Ross partial differential equation by alternating direction implicit finite difference schemes},
 journal = {International Journal of Computer Mathematics},
 volume = {90},
 number = {11},
 url = {https://doi.org/10.1080/00207160.2013.777710},
 year = {2013},
 pages = {2409--2430}
}

@article{,
 author = {},
 title = {},
 journal = {},
 volume = {},
 number = {},
 year = {},
 pages = {}
}



@article{,
 author = {},
 title = {},
 journal = {},
 volume = {},
 number = {},
 year = {},
 pages = {}
}
