@PhdThesis{Damgaard,
 author = {Anders Damgaard},
 title = {Optimal Portfolio Choice and Utility Based
Option Pricing in Markets with Transaction
Costs},
 school = {School of Business and Economics, 
Odense University},
 year = {1998}
}


@PhdThesis{Becherer,
 author = {Dirk Becherer},
 title = {Rational Hedging and Valuation
with Utility-Based Preferences},
 school = {Von der Fakult ̈
at II - Mathematik und Naturwissenschaften
der Technischen Universit ̈at Berlin
zur Erlangung des akademischen Grades},
 year = {2001}
}


@PhdThesis{Seydel,
 author = {Roland C. Seydel},
 title = {Impulse Control for Jump-Diffusions:
Viscosity Solutions of Quasi-Variational Inequalities
and Applications in Bank Risk Management},
 school = {Der Fakultät für Mathematik und Informatik
der Universität Leipzig eingereichte},
 year = {2009}
}