@Article{Le85,
 author = {Leland, H},
 title = {Option Pricing and Replication with Transaction Costs},
 journal = {The Journal of Finance},
 year = {1985},
 volume = {40},
 number = {5},
 url = {https://www.jstor.org/stable/2328113},
 month = dec, 
 pages = {1283-1301}
}


@article{DaNo90,
 author = {Davis, M. H. A. and Norman, A. R.},
 title = {Portfolio Selection with Transaction Costs},
 journal = {Math. Oper. Res.},
 issue_date = {Nov. 1990},
 volume = {15},
 number = {4},
 month = oct,
 year = {1990},
 issn = {0364-765X},
 pages = {676--713},
 numpages = {38},
 %url = {http://dx.doi.org/10.1287/moor.15.4.676},
 doi = {10.1287/moor.15.4.676},
 acmid = {89221},
 publisher = {INFORMS},
 address = {Institute for Operations Research and the Management Sciences (INFORMS), Linthicum, Maryland, USA}
} 


@article{DaPaZa93,
 author = {Davis, M. H. A. and Panas, V. G. and Zariphopoulou, T.},
 title = {{E}uropean Option Pricing with Transaction Costs},
 journal = {SIAM J. Control Optim.},
 issue_date = {March 1993},
 volume = {31},
 number = {2},
 year = {1993},
 issn = {0363-0129},
 pages = {470--493},
 numpages = {24},
 url = {http://dx.doi.org/10.1137/0331022},
 doi = {10.1137/0331022},
 acmid = {153544},
 publisher = {Society for Industrial and Applied Mathematics},
 address = {Philadelphia, PA, USA},
 keywords = {Black-Scholes formula, Markov chain approximation, free boundary problem, option pricing, quasi-variational inequality, stochastic control, transaction costs, utility maximization, viscosity solution}
} 


@article{DaPa94,
 author = {Davis, Mark H. A. and Panas, Vassilios G.},
 title = {The writing price of a {E}uropean contingent claim under proportional transaction costs},
 journal = {Computational and Applied Mathematics},
 volume = {13},
 number = {2},
 year = {1994},
 pages = {0101-8205}
}


@article{ShSo94,
 author = {Shreve, S. E. and Soner, H. M.},
 title = {Optimal investment and consumption with transaction costs},
 journal = {Annals of Applied Probability},
 volume = {4},
 number = {3},
 year = {1994},
 pages = {609-692}
}


@article{WhWi97,
 author = {Whalley, A. E. and Wilmott, P.},
 title = {An asymptotic analysis of an optimal hedging model for option pricing with transaction costs},
 journal = {Mathematical Finance},
 issue_date = {July 1997},
 volume = {7},
 number = {3},
 url = {https://doi.org/10.1111/1467-9965.00034},
 year = {1997},
 pages = {307--324}
}


@article{BaSo98,
 author = {Barles, G. and Soner, H. M.},
 title = {Option Pricing with Transaction Costs and a Nonlinear {B}lack-{S}choles Equation},
 journal = {Finance and Stochastics},
 volume = {2},
 number = {4},
 doi = {10.1007/s007800050046},
 year = {1998},
 pages = {369--397}
}


@article{Mon03,
    author = {Monoyios, M.},
    title = { Efficient option pricing with transaction costs},
    journal = {Journal of Computational Finance},
    volume = {7},
    url = {https://doi.org/10.21314/JCF.2003.097},
    year = {2003},
    pages = {107-128}
}


@article{Mon04,
    author = {Monoyios, M.},
    title = { Option pricing with transaction costs using a {M}arkov chain approximation},
    year = {2004},
    journal = {Jornal of Economic Dynamics and Control},
    url = {https://doi.org/10.1016/S0165-1889(03)00059-9},
    volume = {28},
    pages = {889-913}
}



@article{Da97,
 author = {Davis, M. H.},
 title = {Option pricing in incomplete markets},
 journal = {In Mathematics of Derivative Securities, eds M.A.H. Dempster and S.R. Pliska, Cambridge University Press},
 year = {1997}
 pages = {}
}


@article{DaYi09,
 author = {Dai, M. and Yi, F. H.},
 title = {Finite horizon optimal investment with transaction cost: A
parabolic double obstacle problem},
 journal = {Journal of Differential Equation},
 volume = {246},
 year = {2009},
 pages = {1445-1469}
}



@article{Dai10,
 author = {Dai, M. and Xu, Z. Q. and Zhou, X. Y.},
 title = {Continuous-Time Markowitz’s Model with Transaction Costs},
 journal = {SIAM Journal of Financial Mathematics},
 volume = {1},
 number = {1},
 year = {2010},
 pages = {96–125}
}



@article{LiuLo02,
 author = {Liu, H. and Loewenstein M.},
 title = {Optimal Portfolio Selection with Transaction Costs and Finite Horizons},
 journal = {Review of Financial Studies},
 volume = {15},
 year = {2002},
 pages = {805-835}
}

@article{LiuLo07,
 author = {Liu, H. and Loewenstein M.},
 title = {Optimal Portfolio Selection with Transaction Costs and Event Risk},
 journal = {AFA 2008 New Orleans},
 year = {2007},
 pages = {}
}


@ARTICLE{AvPa94,
    author = {Avellaneda, M. and Paras, A.},
    title = {Dynamic Hedging Portfolios For Derivative Securities In The Presence Of Large Transaction Costs},
    journal = {Appl. Math. Finance},
    year = {1994},
    volume = {1},
    pages = {165--194}
}


@article{BoVo92,
 author = {Boyle, P.P. and Vorst, T.},
 title = {Option Replication in Discrete time with Transaction Costs},
 journal = {The Journal of Finance},
 volume = {47},
 number = {1},
 year = {1992},
 pages = {271--293}
}


@article{ClHo97,
 author = {Clewlow, L. and Hodges, S.D.},
 title = {Optimal delta hedging under transaction costs},
 journal = {Jornal of Economic Dynamics and Control},
 volume = {21},
 number = {},
 url = {https://doi.org/10.1016/S0165-1889(97)00030-4},
 doi = {10.1016/S0165-1889(97)00030-4},
 year = {1997},
 pages = {1353--1376}
}


@article{Canta,
 author = {Cantarutti, N. and Guerra, J. and Guerra, M. and Grossinho, M.R.},
 title = {Option pricing in exponential {L}\'{e}vy models with
transaction costs.},
 journal = {Accepted in the ``Journal of Computational Finance''},
 volume = {},
 number = {},
 year = {2020},
 pages = {}
}


@article{Mocio07,
 author = {Mocioalca, O.},
 title = {Jump diffusion options with transaction costs.},
 journal = {Revue Roumaine de Mathematiques Pures et Appliquees},
 volume = {52},
 number = {3},
 year = {2007},
 pages = {349--366}
}


@article{FlMaSe14,
 author = {Florescu, I. and Mariani, M. C. and Sengupta, I.},
 title = {Option pricing with transaction costs and stochastic volatility.},
 journal = {Electronic Journal of Differential Equations},
 volume = {2014},
 number = {165},
 url = {https://ejde.math.txstate.edu/},
 year = {2014},
 pages = {1-19}
}

@article{Sengu14,
 author = {Sengupta, I.},
 title = {Option pricing with transaction costs and stochastic interest rate.},
 journal = {Applied Mathematical Finance},
 volume = {21},
 number = {5},
 url = {https://doi.org/10.1080/1350486X.2014.881263},
 year = {2014},
 pages = {399-416}
}

@article{Co86,
 author = {Constantinides, G.M.},
 title = {Capital market equilibrium with transaction costs.},
 journal = {Journal of Political Economy},
 volume = {94},
 number = {},
 year = {1986},
 pages = {842 -- 862}
}

@article{Benth02,
 author = {Benth, F.E. and Karlsen, K.H. and Reikvam, K.},
 title = {Portfolio optimization in a {Lévy} market with intertemporal substitution and transaction costs.},
 journal = {Stochastics and Stochastics Report},
 volume = {74},
 number = {3-4},
 url = {https://doi.org/10.1080/1045112021000037382},
 year = {2002},
 pages = {517--569}
}


@article{Kab16,
 author = {De Vallière, D. and Kabanov, Y. and Lépinette, E.},
 title = {Consumption-investment problem with transaction costs for Lévy-driven price processes.},
 journal = {Finance and Stochastics},
 volume = {20},
 number = {3},
 doi = {10.1007/s00780-016-0303-5},
 year = {2016},
 pages = {705--740}
}


@article{Canta3,
 author = {Cantarutti, N. and Guerra, J. and Guerra, M. and Grossinho, M.R.},
 title = {Indifference pricing in a market with transaction costs and jumps},
 journal = {Published in \cite{Matthias}},
 volume = {},
 number = {},
 year = {2017},
 pages = {}
}


@article{,
 author = {},
 title = {},
 journal = {},
 volume = {},
 number = {},
 year = {},
 pages = {}
}
s



@article{,
 author = {},
 title = {},
 journal = {},
 volume = {},
 number = {},
 year = {},
 pages = {}
}
s


@article{,
 author = {},
 title = {},
 journal = {},
 volume = {},
 number = {},
 year = {},
 pages = {}
}
s
