@article{CIL92,
 author = {Crandall, M.G. and Ishii, H. and Lions, P-L},
 title = {User's guide to viscosity solutions of second order partial differential equations},
 journal = {Bulletin of the american mathematical society},
 issue_date = {July 1992},
 volume = {27},
 number = {1},
 month = jul,
 year = {1992}
 pages = {}
}


@article{BaIm08,
 author = {Barles, G. and Imbert, C.},
 title = {Second-order elliptic integro-differential equations: viscosity
solutions’ theory revisited},
 journal = {Annales de l'Institut Henri Poincare (C) Non Linear Analysis},
 issue_date = {may-june 2008},
 volume = {25},
 number = {3},
 month = may,
 year = {2008},
 pages = {567–585}
}


@article{OkSu01,
 author = {Framstad, N.C. and \O{}ksendal, B. and Sulem, A.},
 title = {Optimal consumption and portfolio in a jump diffusion
market with proportional transaction costs},
 journal = {Journal of Mathematical Economics},
 volume = {35},
 number = {},
 url = {https://doi.org/10.1016/S0304-4068(00)00067-7},
 year = {1999},
 pages = {233-257}
}


@article{Ph97,
 author = {Pham, H.},
 title = {Optimal Stopping, Free Boundary, and {A}merican Option
in a Jump-Diffusion Model},
 journal = {Applied Mathematics & Optimization},
 volume = {35},
 number = {},
 year = {1997},
 pages = {145–164}
}


@article{Ph98,
 author = {Pham, H.},
 title = {Optimal stopping of controlled jump diffusion processes
 a viscosity solution approach},
 journal = {Journal of mathematical system, Estimation and Control},
 volume = {8},
 number = {1},
 year = {1998},
 pages = {1-27}
}


@article{BKR01,
 author = {Benth, F.E. and Karlsen, K.H. and Reikvam, K.},
 title = {Optimal portfolio selection with
consumption and nonlinear integro-differential equations with gradient constraint: a
viscosity solution approach},
 journal = {Finance and Stochastics},
 volume = {5},
 number = {3},
 year = {2001},
 pages = {275–303}
}


@article{CoVo05,
 author = {Cont, R. and Voltchkova, E.},
 title = {Integro-differential equations for option prices in exponential {L}èvy models},
 journal = {Finance and Stochastics},
 volume = {9},
 number = {},
 year = {2005},
 pages = {299-325}
}


@article{IsLi90,
 author = {Ishii, H. and Lions P.L.},
 title = {Viscosity solutions of fully nonlinear second-order elliptic partial differential equations},
 journal = {J. Differential Equations},
 volume = {83},
 number = {1},
 year = {1990},
 pages = {26-78}
}


@article{Is89,
 author = {Ishii, H.},
 title = {On uniqueness and existence of viscosity solutions of fully nonlinear second-order elliptic PDEs},
 journal = {Comm. Pure and Appl. Math.},
 volume = {42},
 number = {1},
 year = {1989},
 pages = {15-45}
}


@article{CL83,
 author = {Crandall, M.G. and Lions, P.L.},
 title = {Viscosity solutions of {H}amilton-{J}acobi equations},
 journal = {Transactions of the AMS},
 volume = {},
 number = {},
 year = {1983},
 pages = {1-42}
}


@article{Je88,
 author = {Jensen, R.},
 title = {The maximum principle for viscosity solutions of fully nonlinear second-order partial differential equations},
 journal = {Archive for Rational Mechanics and Analysis},
 volume = {101},
 number = {1},
 year = {1988},
 pages = {1-27}
}


@article{Song09,
 author = {Wang, S. and Li, W.},
 title = {Penalty approach to the HJB equation arising in {E}uropean stock option pricing with proportional transaction costs},
 journal = {Journal of Optimization Theory and Applications},
 volume = {143},
 number = {2},
 year = {2009},
 pages = {279-293}
}


@article{BaSo91,
 author = {Barles, G. and Souganidis, P.E.},
 title = {Convergence of approximation schemes for fully nonlinear second order equations},
 journal = {J. Asymptotic Analysis},
 volume = {4},
 number = {},
 year = {1991},
 pages = {271-283}
}


@article{Sayah91,
 author = {Sayah, A.},
 title = {Equations d'{H}amilton-{J}acobi du primer ordre avec termes intégro-differentiels: Parties 1 et 2},
 journal = {Comm. PDE},
 volume = {10},
 number = {},
 year = {1991},
 pages = {1057 -- 1093}
}


@article{Soner86,
 author = {Soner, H. M.},
 title = {Optimal control with state space constraint},
 journal = {Siam Journal of Control and Optimization},
 volume = {24},
 number = {},
 year = {1986},
 pages = {1110--122}
}



@article{Soner86b,
 author = {Soner, H.M.},
 title = {Jump {M}arkov processes and viscosity solutions},
 journal = {IMA Vols in Math. and Applic.},
 volume = {10},
 number = {},
 year = {1986},
 pages = {501 -- 511}
}



@article{PLL83,
 author = {Lions, P. L.},
 title = {Optimal control for diffusion processes and {H}amilton-{J}acobi-{B}ellman equations.},
 journal = {Comm. PDE},
 volume = {8},
 number = {},
 year = {1983},
 pages = {1101--1174}
}



@article{BoTo11,
 author = {Bouchard, B. and Touzi, N.},
 title = {Weak Dynamic Programming Principle for Viscosity Solutions},
 journal = {Siam Journal of Control and Optimization},
 volume = {49},
 number = {3},
 year = {2011},
 pages = {948--962}
}



@article{DoDa76,
 author = {Doléans-Dade, C. Z.},
 title = {On the Existence and Unicity of Solutions of Stochastic Integral Equations},
 journal = {Wahrscheinlichkeitstheorie verw Gebiete},
 volume = {36},
 number = {},
 year = {1976},
 pages = {93--101}
}


@article{,
 author = {},
 title = {},
 journal = {},
 volume = {},
 number = {},
 year = {},
 pages = {}
}


@article{,
 author = {},
 title = {},
 journal = {},
 volume = {},
 number = {},
 year = {},
 pages = {}
}